@PhDThesis{nemeskey2020,
  author = {Nemeskey, Dávid Márk},
  title  = {Natural Language Processing Methods for Language Modeling},
  year   = {2020},
  school = {E\"otv\"os Lor\'and University}
}

@inproceedings{szabo2018benchmarking,
  title={Benchmarking morphological analyzers for the Hungarian language},
  author={Szab{\'o}, G{\'a}bor and Kov{\'a}cs, L{\'a}szl{\'o}},
  booktitle={Annales Mathematicae et Informaticae},
  volume={49},
  pages={141--166},
  year={2018},
  organization={Eszterh{\'a}zy K{\'a}roly University Institute of Mathematics and Informatics}
}

@article{peirce2007psychopy,
  title={PsychoPy—psychophysics software in Python},
  author={Peirce, Jonathan W},
  journal={Journal of neuroscience methods},
  volume={162},
  number={1-2},
  pages={8--13},
  year={2007},
  publisher={Elsevier}
}

@article{hintz2020behavioural,
  title={A behavioural dataset for studying individual differences in language skills},
  author={Hintz, Florian and Dijkhuis, Marjolijn and van ‘t Hoff, Vera and McQueen, James M and Meyer, Antje S},
  journal={Scientific Data},
  volume={7},
  number={1},
  pages={429},
  year={2020},
  publisher={Nature Publishing Group UK London}
}

@article{wolf2021effects,
  title={The effects of input modality, word difficulty and reading experience on word recognition accuracy},
  author={Wolf, Merel C and Meyer, Antje S and Rowland, Caroline F and Hintz, Florian},
  journal={Collabra: Psychology},
  volume={7},
  number={1},
  pages={24919},
  year={2021},
  publisher={University of California Press}
}

@article{colombo2006dissociating,
  title={Dissociating the influence of familiarity and meaningfulness from word frequency in naming and lexical decision performance},
  author={Colombo, Lucia and Pasini, Margherita and Balota, David A},
  journal={Memory \& cognition},
  volume={34},
  pages={1312--1324},
  year={2006},
  publisher={Springer}
}

@article{de2015jspsych,
  title={jsPsych: A JavaScript library for creating behavioral experiments in a Web browser},
  author={De Leeuw, Joshua R},
  journal={Behavior research methods},
  volume={47},
  pages={1--12},
  year={2015},
  publisher={Springer}
}

@article{lo2015transform,
  title={To transform or not to transform: Using generalized linear mixed models to analyse reaction time data},
  author={Lo, Steson and Andrews, Sally},
  journal={Frontiers in psychology},
  volume={6},
  pages={1171},
  year={2015},
  publisher={Frontiers Media SA}
}

@article{wood2015package,
  title={Package ‘mgcv’},
  author={Wood, Simon and Wood, Maintainer Simon},
  journal={R package version},
  volume={1},
  number={29},
  pages={729},
  year={2015}
}

@book{wood2017generalized,
  title={Generalized additive models: an introduction with R},
  author={Wood, Simon N},
  year={2017},
  publisher={CRC press}
}

@article{bates2014fitting,
  title={Fitting linear mixed-effects models using lme4},
  author={Bates, Douglas and M{\"a}chler, Martin and Bolker, Ben and Walker, Steve},
  journal={arXiv preprint arXiv:1406.5823},
  year={2014}
}

@Misc{itsadug,
    title = {{itsadug}: Interpreting Time Series and Autocorrelated Data Using GAMMs},
    author = {Jacolien {van Rij} and Martijn Wieling and R. Harald Baayen and Hedderik {van Rijn}},
    year = {2022},
    note = {R package version 2.4.1},
  }

@Manual{sjplot,
    title = {sjPlot: Data Visualization for Statistics in Social Science},
    author = {Daniel Lüdecke},
    year = {2023},
    note = {R package version 2.8.15},
    url = {https://CRAN.R-project.org/package=sjPlot},
  }